<record xmlns:xsi="http://www.w3.org/2001/XMLSchema-instance" xmlns="http://www.loc.gov/MARC21/slim" xsi:schemaLocation="http://www.loc.gov/MARC21/slim http://www.loc.gov/standards/marcxml/schema/MARC21slim.xsd">

  <leader>00835nam a2200205Ia 4500</leader>
  <datafield ind2=" " tag="999" ind1=" ">
    <subfield code="c">2248</subfield>
    <subfield code="d">2248</subfield>
  </datafield>
  <controlfield tag="008">180710bsf      -us||||| |||| 00| | eng d</controlfield>
  <datafield ind2=" " tag="090" ind1=" ">
    <subfield code="a">18.03.01 </subfield>
    <subfield code="b">821</subfield>
  </datafield>
  <datafield ind1=" " ind2=" " tag="100">
    <subfield code="a">Kidder, Louise H.</subfield>
  </datafield>
  <datafield ind1=" " ind2=" " tag="245">
    <subfield code="a">Research methods in social relations / </subfield>
    <subfield code="c">Louise H. Kidder</subfield>
  </datafield>
  <datafield tag="260" ind2=" " ind1=" ">
    <subfield code="a">Estados Unidos : </subfield>
    <subfield code="c">[fecha de publicación no identificada]</subfield>
    <subfield code="b">Society for the Psychological Study of Social Issues (SPSSI)</subfield>
  </datafield>
  <datafield ind1=" " tag="300" ind2=" ">
    <subfield code="a">36 páginas</subfield>
  </datafield>
  <datafield ind1=" " ind2=" " tag="505">
    <subfield code="a">El documento contiene el capítulo 1 (Acquiring social knowledge:  scientific and ordinary knowing), 4 (Randomized experiments), 5 (Quasi-experimental designs) y 6 (Survey research designs).</subfield>
  </datafield>
  <datafield ind1="1" tag="650" ind2="4">
    <subfield code="a">MÉTODOS DE INVESTIGACIÓN </subfield>
    <subfield code="9">288</subfield>
  </datafield>
  <datafield tag="650" ind2="4" ind1="1">
    <subfield code="a">INVESTIGACION SOCIAL</subfield>
  </datafield>
  <datafield tag="650" ind2="4" ind1="1">
    <subfield code="a">ANÁLISIS DE DATOS </subfield>
    <subfield code="9">903</subfield>
  </datafield>
  <datafield ind2="4" tag="650" ind1="1">
    <subfield code="a">CONOCIMIENTO</subfield>
    <subfield code="9">42</subfield>
  </datafield>
  <datafield ind1=" " tag="942" ind2=" ">
    <subfield code="2">z</subfield>
    <subfield code="c">01</subfield>
  </datafield>
  <datafield ind1=" " ind2=" " tag="942">
    <subfield code="2">z</subfield>
  </datafield>
  <datafield ind1=" " ind2=" " tag="942">
    <subfield code="2">z</subfield>
  </datafield>
</record>